@article{bacsaran2021neural,
  title={A neural network approach for predicting personality from Facebook data},
  author={Ba{\c{s}}aran, Seren and Ejimogu, Obinna H},
  journal={Sage Open},
  volume={11},
  number={3},
  pages={21582440211032156},
  year={2021},
  publisher={SAGE Publications Sage CA: Los Angeles, CA}
}

@article{liao2024open,
  title={An open-source benchmark of deep learning models for audio-visual apparent and self-reported personality recognition},
  author={Liao, Rongfan and Song, Siyang and Gunes, Hatice},
  journal={IEEE Transactions on Affective Computing},
  year={2024},
  publisher={IEEE}
}

@article{kosinski2015facebook,
  title={Facebook as a research tool for the social sciences: Opportunities, challenges, ethical considerations, and practical guidelines.},
  author={Kosinski, Michal and Matz, Sandra C and Gosling, Samuel D and Popov, Vesselin and Stillwell, David},
  journal={American psychologist},
  volume={70},
  number={6},
  pages={543},
  year={2015},
  publisher={American Psychological Association}
}

@inproceedings{li2018feature,
  title={Feature extraction from social media posts for psychometric typing of participants},
  author={Li, Charles and Hancock, Monte and Bowles, Ben and Hancock, Olivia and Perg, Lesley and Brown, Payton and Burrell, Asher and Frank, Gianella and Stiers, Frankie and Marshall, Shana and others},
  booktitle={Augmented Cognition: Intelligent Technologies: 12th International Conference, AC 2018, Held as Part of HCI International 2018, Las Vegas, NV, USA, July 15-20, 2018, Proceedings, Part I},
  pages={267--286},
  year={2018},
  organization={Springer}
}

@inproceedings{akrami2019automatic,
  title={Automatic extraction of personality from text: Challenges and opportunities},
  author={Akrami, Nazar and Fernquist, Johan and Isbister, Tim and Kaati, Lisa and Pelzer, Bj{\"o}rn},
  booktitle={2019 IEEE international conference on big data (big data)},
  pages={3156--3164},
  year={2019},
  organization={IEEE}
}

@article{antoncic2015big,
  title={The big five personality--entrepreneurship relationship: Evidence from Slovenia},
  author={Antoncic, Bostjan and Bratkovic Kregar, Tina and Singh, Gangaram and DeNoble, Alex F},
  journal={Journal of small business management},
  volume={53},
  number={3},
  pages={819--841},
  year={2015},
  publisher={Taylor \& Francis}
}

@article{el2022deep,
  title={Deep learning based fusion strategies for personality prediction},
  author={El-Demerdash, Kamal and El-Khoribi, Reda A and Shoman, Mahmoud A Ismail and Abdou, Sherif},
  journal={Egyptian Informatics Journal},
  volume={23},
  number={1},
  pages={47--53},
  year={2022},
  publisher={Elsevier}
}

@article{kerz2022pushing,
  title={Pushing on personality detection from verbal behavior: A transformer meets text contours of psycholinguistic features},
  author={Kerz, Elma and Qiao, Yu and Zanwar, Sourabh and Wiechmann, Daniel},
  journal={arXiv preprint arXiv:2204.04629},
  year={2022}
}

@article{vinciarelli2014survey,
  title={A survey of personality computing},
  author={Vinciarelli, Alessandro and Mohammadi, Gelareh},
  journal={IEEE Transactions on Affective Computing},
  volume={5},
  number={3},
  pages={273--291},
  year={2014},
  publisher={IEEE}
}

@article{mccrae2009five,
  title={The five-factor model of personality traits: Consensus and controversy},
  author={McCrae, Robert R},
  journal={The Cambridge handbook of personality psychology},
  pages={148--161},
  year={2009}
}

@article{pennebaker1999linguistic,
  title={Linguistic styles: language use as an individual difference.},
  author={Pennebaker, James W and King, Laura A},
  journal={Journal of personality and social psychology},
  volume={77},
  number={6},
  pages={1296},
  year={1999},
  publisher={American Psychological Association}
}

@article{tandera2017personality,
  title={Personality prediction system from facebook users},
  author={Tandera, Tommy and Suhartono, Derwin and Wongso, Rini and Prasetio, Yen Lina and others},
  journal={Procedia computer science},
  volume={116},
  pages={604--611},
  year={2017},
  publisher={Elsevier}
}

@article{singh2013entrepreneurs,
  title={Entrepreneurs’ personality traits and their success: An empirical analysis},
  author={Singh, H Ramananda and Rahman, Habib},
  journal={Research Journal of Social Science and Management},
  volume={3},
  number={7},
  pages={99--104},
  year={2013}
}

@article{postigo2021general,
  title={General versus specific personality traits for predicting entrepreneurship},
  author={Postigo, {\'A}lvaro and Cuesta, Marcelino and Garc{\'\i}a-Cueto, Eduardo and Prieto-D{\'\i}ez, Francisco and Mu{\~n}iz, Jos{\'e}},
  journal={Personality and Individual Differences},
  volume={182},
  pages={111094},
  year={2021},
  publisher={Elsevier}
}

@article{frese20014,
  title={4. Personal initiative: An active performance concept for work in the 21st century},
  author={Frese, Michael and Fay, Doris},
  journal={Research in organizational behavior},
  volume={23},
  pages={133--187},
  year={2001},
  publisher={Elsevier}
}

@incollection{mumford2020intrapreneurship,
  title={Intrapreneurship and firm innovation: Conditions contributing to innovation},
  author={Mumford, Michael D and Elliott, Samantha and Martin, Robert W},
  booktitle={The Psychology of Entrepreneurship},
  pages={97--117},
  year={2020},
  publisher={Routledge}
}

@article{ahmetoglu2011eq,
  title={EQ-nomics: Understanding the relationship between individual differences in trait emotional intelligence and entrepreneurship},
  author={Ahmetoglu, Gorkan and Leutner, Franziska and Chamorro-Premuzic, Tomas},
  journal={Personality and individual differences},
  volume={51},
  number={8},
  pages={1028--1033},
  year={2011},
  publisher={Elsevier}
}

@article{cuesta2018assessment,
  title={Assessment of eight entrepreneurial personality dimensions: Validity evidence of the BEPE battery},
  author={Cuesta, Marcelino and Su{\'a}rez-{\'A}lvarez, Javier and Lozano, Luis M and Garc{\'\i}a-Cueto, Eduardo and Mu{\~n}iz, Jos{\'e}},
  journal={Frontiers in Psychology},
  volume={9},
  pages={375594},
  year={2018},
  publisher={Frontiers}
}

@article{suarez2014screening,
  title={Screening enterprising personality in youth: An empirical model},
  author={Su{\'a}rez-{\'A}lvarez, Javier and Pedrosa, Ignacio and Garc{\'\i}a-Cueto, Eduardo and Mu{\~n}iz, Jos{\'e}},
  journal={The Spanish Journal of Psychology},
  volume={17},
  pages={E60},
  year={2014},
  publisher={Cambridge University Press}
}

@inproceedings{volkova2015inferring,
  title={Inferring latent user properties from texts published in social media},
  author={Volkova, Svitlana and Bachrach, Yoram and Armstrong, Michael and Sharma, Vijay},
  booktitle={Proceedings of the AAAI Conference on Artificial Intelligence},
  volume={29},
  year={2015}
}

@article{obschonka2017using,
  title={Using digital footprints in entrepreneurship research: A Twitter-based personality analysis of superstar entrepreneurs and managers},
  author={Obschonka, Martin and Fisch, Christian and Boyd, Ryan},
  journal={Journal of Business Venturing Insights},
  volume={8},
  pages={13--23},
  year={2017},
  publisher={Elsevier}
}

@inproceedings{kwak2010twitter,
  title={What is Twitter, a social network or a news media?},
  author={Kwak, Haewoon and Lee, Changhyun and Park, Hosung and Moon, Sue},
  booktitle={Proceedings of the 19th international conference on World wide web},
  pages={591--600},
  year={2010}
}

@inproceedings{ioanid2015managers,
  title={How managers and entrepreneurs use the innovative social technologies},
  author={Ioanid, Alexandra and Scarlat, Cezar and Militaru, Gheorghe},
  booktitle={European Conference on Innovation and Entrepreneurship},
  pages={298},
  year={2015},
  organization={Academic Conferences International Limited}
}

@book{reed2018linkedin,
  title={Linkedin Mastery for Entrepreneurs},
  author={Reed, Chris J},
  year={2018},
  publisher={Evolve Global Publishing}
}

@misc{mixergy,
  title        = {Learn from Proven Entrepreneurs},
  author       = {Business Podcast for Startups},
  year         = 2018,
  note         = {\url{https://mixergy.com/} [Accessed: (April, 27, 2024)]}
}

@misc{linkedin,
	title  = {LinkedIn: Log in or sign up}, 
	url = {https://linkedin.com/}, 
	journal={LinkedIn}, 
	language={en}
}

@book{Mitchell_2015, 
	title={Web Scraping with Python: Collecting Data from the Modern Web}, 
	publisher={“O’Reilly Media, Inc.”}, 
	author={Mitchell, Ryan},
	year={2015},
	month=jun
}

@article{khder2021web,
  title={Web scraping or web crawling: State of art, techniques, approaches and application.},
  author={Khder, Moaiad Ahmad},
  journal={International Journal of Advances in Soft Computing \& Its Applications},
  volume={13},
  number={3},
  year={2021}
}

@misc{Alexander_2023,
	title={What Data Pipeline Architecture should I use?},
	url={https://cloud.google.com/blog/topics/developers-practitioners/what-data-pipeline-architecture-should-i-use/},
	journal={Google Cloud Blog},
	author={Alexander, Patrick},
	year={2023},
	month=feb,
	language={en-US}
}

@article{SarahDev_2023,
	title={Convert emoji into text in Python - SarahDev - Medium},
	url={https://medium.com/@sarahisdevs/convert-emoji-into-text-in-python-c2afdfd94ab4},
	journal={Medium},
	author={SarahDev},
	year={2023},
	month=sep,
	language={en}
}

@article{tabassum2020survey,
  title={A survey on text pre-processing \& feature extraction techniques in natural language processing},
  author={Tabassum, Ayisha and Patil, Rajendra R},
  journal={International Research Journal of Engineering and Technology (IRJET)},
  volume={7},
  number={06},
  pages={4864--4867},
  year={2020}
}

@article{Eskandar_2023,
	title={Exploring feature extraction techniques for natural language processing},
	url={https://medium.com/@eskandar.sahel/exploring-feature-extraction-techniques-for-natural-language-processing-46052ee6514},
	journal={Medium},
	author={Eskandar, Sahel},
	year={2023},
	month=apr,
	language={en}
}

@article{litvinova2016profiling,
  title={Profiling a set of personality traits of text author: what our words reveal about us},
  author={Litvinova, Tatiana and Seredin, Pavel and Litvinova, Olga and Zagorovskaya, Olga},
  journal={Research in Language},
  volume={14},
  number={4},
  pages={409--422},
  year={2016},
  publisher={Wydawnictwo Uniwersytetu {\L}{\'o}dzkiego}
}

@misc{Baxter-Read_Baxter-Read_2023,
	title={The 12 elements of tone},
	url={https://www.acrolinx.com/blog/the-12-elements-of-tone/},
	journal={Acrolinx},
	author={Baxter-Read,
	Charlotte and Baxter-Read, Charlotte},
	year={2023},
	month=oct,
	language={en-US}
}

@article{Mining2017Media,
author = {Balan, Shilpa and Rege, Janhavi},
year = {2017},
month = {01},
pages = {},
title = {Mining for Social Media: Usage Patterns of Small Businesses},
volume = {8},
journal = {Business Systems Research Journal},
doi = {10.1515/bsrj-2017-0004}
}

@article{Ghani2018,
author = {Ghani, Usman and Sarwar, Imran and Ashfaq, Aimen},
year = {2018},
month = {12},
pages = {761},
title = {A Fuzzy Logic Based Intelligent System for Measuring Customer Loyalty and Decision Making},
volume = {10},
journal = {Symmetry},
doi = {10.3390/sym10120761}
}

@article{Celestial_2023,
	title={Text analysis - celestial - medium},
	url={https://supercelestial.medium.com/text-analysis-f40386d8f40b},
	journal={Medium},
	author={Celestial},
	year={2023},
	month=jun,
	language={en}
}

@article{mairesse2007using,
  title={Using linguistic cues for the automatic recognition of personality in conversation and text},
  author={Mairesse, Fran{\c{c}}ois and Walker, Marilyn A and Mehl, Matthias R and Moore, Roger K},
  journal={Journal of artificial intelligence research},
  volume={30},
  pages={457--500},
  year={2007}
}

@phdthesis{okeowo2018investigating,
  title={Investigating quality of data and the need for the restructuring of accident report form in South Africa},
  author={Okeowo, Oluwatimilehin Oluwaseun},
  year={2018},
  school={Stellenbosch: Stellenbosch University}
}

@article{Sdhglobal_2023,
	title={AI Data Visualization: Types, Examples, and Tools - sdhglobal - Medium},
	url={https://medium.com/@sdhglobal/ai-data-visualization-types-examples-and-tools-4c018cc88e39},
	journal={Medium},
	author={Sdhglobal},
	year={2023},
	month=nov,
	language={en}
}

@misc{Redpanda,
	title={Fundamentals of data engineering—Life-cycle, best practices, and emerging trends},
	url={https://redpanda.com/guides/fundamentals-of-data-engineering},
	journal={Redpanda},
	author={Redpanda},
	language={en} 
}

@article{Leong_2023,
	title={How I Redesigned over 100 ETL into ELT Data Pipelines},
	url={https://towardsdatascience.com/how-i-redesigned-over-100-etl-into-elt-data-pipelines-c58d3a3cb3c},
	journal={Medium}, 
	author={Leong, Nicholas}, 
	year={2023}, 
	month=may,
	language={en} 
}