@article{bacsaran2021neural,
  title={A neural network approach for predicting personality from Facebook data},
  author={Ba{\c{s}}aran, Seren and Ejimogu, Obinna H},
  journal={Sage Open},
  volume={11},
  number={3},
  pages={21582440211032156},
  year={2021},
  publisher={SAGE Publications Sage CA: Los Angeles, CA}
}

@article{liao2024open,
  title={An open-source benchmark of deep learning models for audio-visual apparent and self-reported personality recognition},
  author={Liao, Rongfan and Song, Siyang and Gunes, Hatice},
  journal={IEEE Transactions on Affective Computing},
  year={2024},
  publisher={IEEE}
}