@article{bacsaran2021neural,
  title={A neural network approach for predicting personality from Facebook data},
  author={Ba{\c{s}}aran, Seren and Ejimogu, Obinna H},
  journal={Sage Open},
  volume={11},
  number={3},
  pages={21582440211032156},
  year={2021},
  publisher={SAGE Publications Sage CA: Los Angeles, CA}
}

@article{liao2024open,
  title={An open-source benchmark of deep learning models for audio-visual apparent and self-reported personality recognition},
  author={Liao, Rongfan and Song, Siyang and Gunes, Hatice},
  journal={IEEE Transactions on Affective Computing},
  year={2024},
  publisher={IEEE}
}

@article{kosinski2015facebook,
  title={Facebook as a research tool for the social sciences: Opportunities, challenges, ethical considerations, and practical guidelines.},
  author={Kosinski, Michal and Matz, Sandra C and Gosling, Samuel D and Popov, Vesselin and Stillwell, David},
  journal={American psychologist},
  volume={70},
  number={6},
  pages={543},
  year={2015},
  publisher={American Psychological Association}
}

@inproceedings{li2018feature,
  title={Feature extraction from social media posts for psychometric typing of participants},
  author={Li, Charles and Hancock, Monte and Bowles, Ben and Hancock, Olivia and Perg, Lesley and Brown, Payton and Burrell, Asher and Frank, Gianella and Stiers, Frankie and Marshall, Shana and others},
  booktitle={Augmented Cognition: Intelligent Technologies: 12th International Conference, AC 2018, Held as Part of HCI International 2018, Las Vegas, NV, USA, July 15-20, 2018, Proceedings, Part I},
  pages={267--286},
  year={2018},
  organization={Springer}
}

@inproceedings{akrami2019automatic,
  title={Automatic extraction of personality from text: Challenges and opportunities},
  author={Akrami, Nazar and Fernquist, Johan and Isbister, Tim and Kaati, Lisa and Pelzer, Bj{\"o}rn},
  booktitle={2019 IEEE international conference on big data (big data)},
  pages={3156--3164},
  year={2019},
  organization={IEEE}
}

@article{antoncic2015big,
  title={The big five personality--entrepreneurship relationship: Evidence from Slovenia},
  author={Antoncic, Bostjan and Bratkovic Kregar, Tina and Singh, Gangaram and DeNoble, Alex F},
  journal={Journal of small business management},
  volume={53},
  number={3},
  pages={819--841},
  year={2015},
  publisher={Taylor \& Francis}
}

@article{el2022deep,
  title={Deep learning based fusion strategies for personality prediction},
  author={El-Demerdash, Kamal and El-Khoribi, Reda A and Shoman, Mahmoud A Ismail and Abdou, Sherif},
  journal={Egyptian Informatics Journal},
  volume={23},
  number={1},
  pages={47--53},
  year={2022},
  publisher={Elsevier}
}

@article{kerz2022pushing,
  title={Pushing on personality detection from verbal behavior: A transformer meets text contours of psycholinguistic features},
  author={Kerz, Elma and Qiao, Yu and Zanwar, Sourabh and Wiechmann, Daniel},
  journal={arXiv preprint arXiv:2204.04629},
  year={2022}
}

@article{vinciarelli2014survey,
  title={A survey of personality computing},
  author={Vinciarelli, Alessandro and Mohammadi, Gelareh},
  journal={IEEE Transactions on Affective Computing},
  volume={5},
  number={3},
  pages={273--291},
  year={2014},
  publisher={IEEE}
}

@article{mccrae2009five,
  title={The five-factor model of personality traits: Consensus and controversy},
  author={McCrae, Robert R},
  journal={The Cambridge handbook of personality psychology},
  pages={148--161},
  year={2009}
}

@article{pennebaker1999linguistic,
  title={Linguistic styles: language use as an individual difference.},
  author={Pennebaker, James W and King, Laura A},
  journal={Journal of personality and social psychology},
  volume={77},
  number={6},
  pages={1296},
  year={1999},
  publisher={American Psychological Association}
}

@article{tandera2017personality,
  title={Personality prediction system from facebook users},
  author={Tandera, Tommy and Suhartono, Derwin and Wongso, Rini and Prasetio, Yen Lina and others},
  journal={Procedia computer science},
  volume={116},
  pages={604--611},
  year={2017},
  publisher={Elsevier}
}

@article{singh2013entrepreneurs,
  title={Entrepreneursâ€™ personality traits and their success: An empirical analysis},
  author={Singh, H Ramananda and Rahman, Habib},
  journal={Research Journal of Social Science and Management},
  volume={3},
  number={7},
  pages={99--104},
  year={2013}
}

@article{postigo2021general,
  title={General versus specific personality traits for predicting entrepreneurship},
  author={Postigo, {\'A}lvaro and Cuesta, Marcelino and Garc{\'\i}a-Cueto, Eduardo and Prieto-D{\'\i}ez, Francisco and Mu{\~n}iz, Jos{\'e}},
  journal={Personality and Individual Differences},
  volume={182},
  pages={111094},
  year={2021},
  publisher={Elsevier}
}

@article{frese20014,
  title={4. Personal initiative: An active performance concept for work in the 21st century},
  author={Frese, Michael and Fay, Doris},
  journal={Research in organizational behavior},
  volume={23},
  pages={133--187},
  year={2001},
  publisher={Elsevier}
}

@incollection{mumford2020intrapreneurship,
  title={Intrapreneurship and firm innovation: Conditions contributing to innovation},
  author={Mumford, Michael D and Elliott, Samantha and Martin, Robert W},
  booktitle={The Psychology of Entrepreneurship},
  pages={97--117},
  year={2020},
  publisher={Routledge}
}

@article{ahmetoglu2011eq,
  title={EQ-nomics: Understanding the relationship between individual differences in trait emotional intelligence and entrepreneurship},
  author={Ahmetoglu, Gorkan and Leutner, Franziska and Chamorro-Premuzic, Tomas},
  journal={Personality and individual differences},
  volume={51},
  number={8},
  pages={1028--1033},
  year={2011},
  publisher={Elsevier}
}

@article{cuesta2018assessment,
  title={Assessment of eight entrepreneurial personality dimensions: Validity evidence of the BEPE battery},
  author={Cuesta, Marcelino and Su{\'a}rez-{\'A}lvarez, Javier and Lozano, Luis M and Garc{\'\i}a-Cueto, Eduardo and Mu{\~n}iz, Jos{\'e}},
  journal={Frontiers in Psychology},
  volume={9},
  pages={375594},
  year={2018},
  publisher={Frontiers}
}

@article{suarez2014screening,
  title={Screening enterprising personality in youth: An empirical model},
  author={Su{\'a}rez-{\'A}lvarez, Javier and Pedrosa, Ignacio and Garc{\'\i}a-Cueto, Eduardo and Mu{\~n}iz, Jos{\'e}},
  journal={The Spanish Journal of Psychology},
  volume={17},
  pages={E60},
  year={2014},
  publisher={Cambridge University Press}
}

@inproceedings{volkova2015inferring,
  title={Inferring latent user properties from texts published in social media},
  author={Volkova, Svitlana and Bachrach, Yoram and Armstrong, Michael and Sharma, Vijay},
  booktitle={Proceedings of the AAAI Conference on Artificial Intelligence},
  volume={29},
  year={2015}
}